@article{powers2010,
  title={Dynamics of filaments and membranes in a viscous fluid},
  author={Powers, Thomas R},
  journal={Reviews of Modern Physics},
  volume={82},
  number={2},
  pages={1607},
  year={2010},
  publisher={APS}
}

@article{tu2003,
  title={Lipid membranes with free edges},
  author={Tu, ZC and Ou-Yang, ZC},
  journal={Physical Review E},
  volume={68},
  number={6},
  pages={061915},
  year={2003},
  publisher={APS}
}

@article{brunet2019,
  title={Light-regulated collective contractility in a multicellular choanoflagellate},
  author={Brunet, Thibaut and Larson, Ben T and Linden, Tess A and Vermeij, Mark JA and McDonald, Kent and King, Nicole},
  journal={Science},
  volume={366},
  number={6463},
  pages={326--334},
  year={2019},
  publisher={American Association for the Advancement of Science}
}

@article{zhong1989,
  title={Bending energy of vesicle membranes: General expressions for the first, second, and third variation of the shape energy and applications to spheres and cylinders},
  author={Zhong-Can, Ou-Yang and Helfrich, Wolfgang},
  journal={Physical Review A},
  volume={39},
  number={10},
  pages={5280},
  year={1989},
  publisher={APS}
}

@article{tu2010,
  title={Compatibility between shape equation and boundary conditions of lipid membranes with free edges},
  author={Tu, ZC},
  journal={The Journal of chemical physics},
  volume={132},
  number={8},
  pages={084111},
  year={2010},
  publisher={American Institute of Physics}
}